@misc{impa,
  title={Masters Program: Measure Theory (2018) - YouTube},
  url={https://www.youtube.com/playlist?list=PLo4jXE-LdDTQq8ZyA8F8reSQHej3F6RFX},
  note={Acessado: 10-09-2023}
}